<?xml version="1.0" encoding="UTF-8"?>
<collection xmlns:xsi="http://www.w3.org/2001/XMLSchema-instance" xsi:schemaLocation="http://www.loc.gov/MARC21/slim http://www.loc.gov/standards/marcxml/schema/MARC21slim.xsd" xmlns="http://www.loc.gov/MARC21/slim">
<record>
  <leader>02091cam a2200397   4500</leader>
  <controlfield tag="001">3375533</controlfield>
  <controlfield tag="003">NNC</controlfield>
  <controlfield tag="005">20140126215710.0</controlfield>
  <controlfield tag="008">890524m19519999sy h     b    000 0 arar </controlfield>
  <datafield tag="010" ind1=" " ind2=" ">
    <subfield code="a">   60042877 </subfield>
  </datafield>
  <datafield tag="035" ind1=" " ind2=" ">
    <subfield code="a">(OCoLC)19759213</subfield>
  </datafield>
  <datafield tag="035" ind1=" " ind2=" ">
    <subfield code="a">(OCoLC)ocm19759213</subfield>
  </datafield>
  <datafield tag="035" ind1=" " ind2=" ">
    <subfield code="9">AVE4003CU</subfield>
  </datafield>
  <datafield tag="035" ind1=" " ind2=" ">
    <subfield code="a">(NNC)3375533</subfield>
  </datafield>
  <datafield tag="040" ind1=" " ind2=" ">
    <subfield code="a">DLC</subfield>
    <subfield code="c">WaU</subfield>
    <subfield code="d">WaU</subfield>
    <subfield code="d">CU</subfield>
    <subfield code="d">NNU</subfield>
  </datafield>
  <datafield tag="050" ind1=" " ind2="4">
    <subfield code="a">BP192.3</subfield>
    <subfield code="b">.I23</subfield>
  </datafield>
  <datafield tag="066" ind1=" " ind2=" ">
    <subfield code="c">(3</subfield>
  </datafield>
  <datafield tag="090" ind1=" " ind2=" ">
    <subfield code="a">BP175.J5</subfield>
    <subfield code="b">I329n</subfield>
  </datafield>
  <datafield tag="100" ind1="1" ind2=" ">
    <subfield code="6">880-01</subfield>
    <subfield code="a">Ibn Rajab, ʻAbd al-Raḥmān ibn Aḥmad,</subfield>
    <subfield code="d">1336-1393.</subfield>
  </datafield>
  <datafield tag="245" ind1="1" ind2="0">
    <subfield code="6">880-02</subfield>
    <subfield code="a">Kitāb al-dhayl ʻalá Ṭabaqāt al-Ḥanābilah /</subfield>
    <subfield code="c">taʾlīf Zayn al-Dīn Abī al-Faraj ʻAbd al-Raḥmān ibn Shihāb al-Dīn Aḥmad ibn Rajab al-Baghdādī al-Dimashqī al-Ḥanbalī ; ʻUniya bi-nashrihi wa-taḥqīqihi wa-waḍʻ fahārisahu Hinrī Lāwūst wa-Sāmī al-Dahhān.</subfield>
  </datafield>
  <datafield tag="246" ind1="1" ind2="4">
    <subfield code="a">Histoire des Ḥanbalites</subfield>
  </datafield>
  <datafield tag="246" ind1="3" ind2="0">
    <subfield code="6">880-03</subfield>
    <subfield code="a">Dhayl ʻalā Ṭabaqāt al-Ḥanābilah</subfield>
  </datafield>
  <datafield tag="260" ind1=" " ind2=" ">
    <subfield code="6">880-04</subfield>
    <subfield code="a">Dimashq :</subfield>
    <subfield code="b">al-Maʻhad al-Faransī lil-Dirāsāt al-ʻArabīyah</subfield>
    <subfield code="c">[1951-</subfield>
  </datafield>
  <datafield tag="300" ind1=" " ind2=" ">
    <subfield code="a">v. :</subfield>
    <subfield code="b">facsims. ;</subfield>
    <subfield code="c">25 cm.</subfield>
  </datafield>
  <datafield tag="500" ind1=" " ind2=" ">
    <subfield code="a">A continuation of the Ṭabaqāt al-Ḥanābilah of Ibn Abī Yaʻlā.</subfield>
  </datafield>
  <datafield tag="504" ind1=" " ind2=" ">
    <subfield code="a">Bibliographical footnotes.</subfield>
  </datafield>
  <datafield tag="505" ind1="1" ind2=" ">
    <subfield code="a">al-Juzʾ 1. 460 h-540 h.</subfield>
  </datafield>
  <datafield tag="650" ind1=" " ind2="0">
    <subfield code="a">Hanbalites</subfield>
    <subfield code="v">Early works to 1800.</subfield>
  </datafield>
  <datafield tag="740" ind1="0" ind2=" ">
    <subfield code="6">880-05</subfield>
    <subfield code="a">Ṭabaqāt al-Ḥanābilah.</subfield>
  </datafield>
  <datafield tag="880" ind1="1" ind2=" ">
    <subfield code="6">100-01/(3/r</subfield>
    <subfield code="a">ابن رجب، عبد الرحمن بن أحمد,</subfield>
    <subfield code="d">1336-1393.</subfield>
  </datafield>
  <datafield tag="880" ind1="1" ind2="0">
    <subfield code="6">245-02/(3/r</subfield>
    <subfield code="a">كتاب الذيل على طبقات الحنابلة /</subfield>
    <subfield code="c">تأليف زين الدين أبي الفرج عبد الرحمن بن شهاب الدين أحمد بن رجب البغدادي الدمشقي الحنبلي ؛ عنى بنشره وتحقيقات ووضع فهارسه هنري لاووست وسامي الدهان.</subfield>
  </datafield>
  <datafield tag="880" ind1="3" ind2="0">
    <subfield code="6">246-03/(3/r</subfield>
    <subfield code="a">ذيل على طبقات الحنابلة</subfield>
  </datafield>
  <datafield tag="880" ind1=" " ind2=" ">
    <subfield code="6">260-04/(3/r</subfield>
    <subfield code="a">دمشق :</subfield>
    <subfield code="b">المعهد الفرنسي للدراسات العربية،</subfield>
    <subfield code="c">[1951-</subfield>
  </datafield>
  <datafield tag="880" ind1="0" ind2=" ">
    <subfield code="6">740-05/(3/r</subfield>
    <subfield code="a">طبقات الحنابلة.</subfield>
  </datafield>
  <datafield tag="955" ind1=" " ind2=" ">
    <subfield code="b">0038800047</subfield>
    <subfield code="d">glx</subfield>
    <subfield code="e">893.799 Ib551</subfield>
    <subfield code="v">v.1</subfield>
  </datafield>
</record>
</collection>